
@article{1,
	title = {Brain-{Controlled} {Interfaces}: {Movement} {Restoration} with {Neural} {Prosthetics}},
	volume = {52},
	issn = {08966273},
	shorttitle = {Brain-{Controlled} {Interfaces}},
	url = {https://linkinghub.elsevier.com/retrieve/pii/S0896627306007264},
	doi = {10.1016/j.neuron.2006.09.019},
	language = {en},
	number = {1},
	urldate = {2022-10-16},
	journal = {Neuron},
	author = {Schwartz, Andrew B. and Cui, X. Tracy and Weber, Douglas J. and Moran, Daniel W.},
	month = oct,
	year = {2006},
	pages = {205--220},
}

@article{2,
	title = {Brain-{Computer} {Interfaces}: {Beyond} {Medical} {Applications}},
	volume = {45},
	issn = {0018-9162},
	shorttitle = {Brain-{Computer} {Interfaces}},
	url = {http://ieeexplore.ieee.org/document/6165246/},
	doi = {10.1109/MC.2012.107},
	number = {4},
	urldate = {2022-10-16},
	journal = {Computer},
	author = {van Erp, Jan and Lotte, Fabien and Tangermann, Michael},
	month = apr,
	year = {2012},
	pages = {26--34},
}

@article{3,
	title = {Cortically {Coupled} {Computing}: {A} {New} {Paradigm} for {Synergistic} {Human}-{Machine} {Interaction}},
	volume = {49},
	issn = {0018-9162},
	shorttitle = {Cortically {Coupled} {Computing}},
	url = {http://ieeexplore.ieee.org/document/7562326/},
	doi = {10.1109/MC.2016.294},
	number = {9},
	urldate = {2022-10-16},
	journal = {Computer},
	author = {Saproo, Sameer and Faller, Josef and Shih, Victor and Sajda, Paul and Waytowich, Nicholas R. and Bohannon, Addison and Lawhern, Vernon J. and Lance, Brent J. and Jangraw, David},
	month = sep,
	year = {2016},
	pages = {60--68},
}

@article{4,
	title = {Brain–{Computer} {Interface} {Technologies} in the {Coming} {Decades}},
	volume = {100},
	issn = {0018-9219, 1558-2256},
	url = {http://ieeexplore.ieee.org/document/6162941/},
	doi = {10.1109/JPROC.2012.2184830},
	number = {Special Centennial Issue},
	urldate = {2022-10-16},
	journal = {Proceedings of the IEEE},
	author = {Lance, B. J. and Kerick, S. E. and Ries, A. J. and Oie, K. S. and McDowell, K.},
	month = may,
	year = {2012},
	pages = {1585--1599},
}

@article{5,
	title = {{BCI} meeting 2005-workshop on {BCI} signal processing: feature extraction and translation},
	volume = {14},
	issn = {1534-4320, 1558-0210},
	shorttitle = {{BCI} meeting 2005-workshop on {BCI} signal processing},
	url = {https://ieeexplore.ieee.org/document/1642753/},
	doi = {10.1109/TNSRE.2006.875637},
	number = {2},
	urldate = {2022-10-16},
	journal = {IEEE Transactions on Neural Systems and Rehabilitation Engineering},
	author = {McFarland, D.J. and Anderson, C.W. and Muller, K.-R. and Schlogl, A. and Krusienski, D.J.},
	month = jun,
	year = {2006},
	pages = {135--138},
}

@article{6,
	title = {Real-time {EEG} analysis with subject-specific spatial patterns for a brain-computer interface ({BCI})},
	volume = {8},
	issn = {10636528},
	url = {http://ieeexplore.ieee.org/document/895947/},
	doi = {10.1109/86.895947},
	number = {4},
	urldate = {2022-10-16},
	journal = {IEEE Transactions on Rehabilitation Engineering},
	author = {Guger, C. and Ramoser, H. and Pfurtscheller, G.},
	month = dec,
	year = {2000},
	pages = {447--456},
}

@article{7,
	title = {Optimal spatial filtering of single trial {EEG} during imagined hand movement},
	volume = {8},
	issn = {1063-6528, 1558-0024},
	url = {https://ieeexplore.ieee.org/document/895946/},
	doi = {10.1109/86.895946},
	number = {4},
	urldate = {2022-10-16},
	journal = {IEEE Transactions on Rehabilitation Engineering},
	author = {Ramoser, H. and Muller-Gerking, J. and Pfurtscheller, G.},
	month = dec,
	year = {2000},
	pages = {441--446},
}

@article{8,
	title = {Multiclass {Common} {Spatial} {Patterns} and {Information} {Theoretic} {Feature} {Extraction}},
	volume = {55},
	issn = {0018-9294, 1558-2531},
	url = {https://ieeexplore.ieee.org/document/4473042/},
	doi = {10.1109/TBME.2008.921154},
	number = {8},
	urldate = {2022-10-16},
	journal = {IEEE Transactions on Biomedical Engineering},
	author = {Grosse-Wentrup, Moritz and Buss, Martin},
	month = aug,
	year = {2008},
	pages = {1991--2000},
}

@article{9,
	title = {Combining {Spatial} {Filters} for the {Classification} of {Single}-{Trial} {EEG} in a {Finger} {Movement} {Task}},
	volume = {54},
	issn = {0018-9294, 1558-2531},
	url = {http://ieeexplore.ieee.org/document/4155001/},
	doi = {10.1109/TBME.2006.889206},
	number = {5},
	urldate = {2022-10-16},
	journal = {IEEE Transactions on Biomedical Engineering},
	author = {{Xiang Liao} and {Dezhong Yao} and Wu, D. and {Chaoyi Li}},
	month = may,
	year = {2007},
	pages = {821--831},
}

@article{10,
	title = {Composite {Common} {Spatial} {Pattern} for {Subject}-to-{Subject} {Transfer}},
	volume = {16},
	issn = {1070-9908, 1558-2361},
	url = {http://ieeexplore.ieee.org/document/4912345/},
	doi = {10.1109/LSP.2009.2022557},
	number = {8},
	urldate = {2022-10-16},
	journal = {IEEE Signal Processing Letters},
	author = {{Hyohyeong Kang} and {Yunjun Nam} and {Seungjin Choi}},
	month = aug,
	year = {2009},
	pages = {683--686},
}

@article{11,
	title = {Optimizing {Spatial} filters for {Robust} {EEG} {Single}-{Trial} {Analysis}},
	volume = {25},
	issn = {1053-5888},
	url = {http://ieeexplore.ieee.org/document/4408441/},
	doi = {10.1109/MSP.2008.4408441},
	number = {1},
	urldate = {2022-10-16},
	journal = {IEEE Signal Processing Magazine},
	author = {Blankertz, Benjamin and Tomioka, Ryota and Lemm, Steven and Kawanabe, Motoaki and Muller, Klaus-robert},
	year = {2008},
	pages = {41--56},
}
